%% This BibTeX bibliography file was created using BibDesk.
%% http://bibdesk.sourceforge.net/

%% Created for Franck Perignon at 2015-10-20 18:29:31 +0200 


%% Saved with string encoding Unicode (UTF-8) 



@booklet{FloresGlockerLeine,
	Author = {Paulo Flores, Remco Leine, Christoph Glocker},
	Date-Added = {2015-10-20 13:34:18 +0000},
	Date-Modified = {2015-10-20 16:28:57 +0000},
	Title = {Modeling and Analysis of Rigid Multibody Systems with Translational Clearance Joints Based on the Nonsmooth Dynamics Approach},
	Url = {http://www.inm.uni-stuttgart.de/mitarbeiter/leine/papers/book_contributions/FloresxLeinexGlocker_-_Modeling_and_analysis_of_rigid_multibody_systems_with_translational_BOOK_CONTRIB.pdf},
	Year = {unknown}}

@manual{eckel_cpp,
	Author = {Bruce Eckel},
	Date-Added = {2015-10-08 18:49:33 +0000},
	Date-Modified = {2015-10-20 16:29:31 +0000},
	Title = {Thinking in C++ vol 1 and 2},
	Url = {http://www.ibiblio.org/pub/docs/books/eckel/index.html}}
